<?xml version="1.0" encoding="UTF-8"?><collection xmlns="http://www.loc.gov/MARC21/slim"><record><leader>00438nam--2200133-i-4500</leader><controlfield tag="001">000027401</controlfield><controlfield tag="002">20161230</controlfield><controlfield tag="005">20161230201036</controlfield><controlfield tag="008">060222s1000------------r-----000-0-eng-d</controlfield><datafield ind1=" " ind2=" " tag="080"><subfield code="a">543.51(061.3):543-4(061.3):539.143.43(047.1):539.124.143(061.3)</subfield></datafield><datafield ind1=" " ind2=" " tag="245"><subfield code="a">An introduction to spectroscopic methods for the identification of organic compounds</subfield></datafield><datafield ind1=" " ind2=" " tag="260"><subfield code="a">Oxford, Pergamon Press, 1970, Ix + 201p</subfield></datafield><datafield ind1=" " ind2=" " tag="700"><subfield code="a">Scheinmann, F</subfield></datafield><datafield ind1=" " ind2=" " tag="852"><subfield code="a">35751</subfield></datafield></record></collection>